<record><leader>00000cas a2200000 a 4500</leader><controlfield tag="001">19649742</controlfield><controlfield tag="008">890503c19819999pauwr ne      0    0eng c</controlfield><datafield ind1=" " ind2=" " tag="010"><subfield code="a">sn 89077881 </subfield></datafield><datafield ind1=" " ind2=" " tag="040"><subfield code="a">NPH</subfield><subfield code="b">eng</subfield><subfield code="c">NPH</subfield><subfield code="d">OCL</subfield><subfield code="d">NYS</subfield><subfield code="d">OCLCQ</subfield><subfield code="d">OCLCF</subfield><subfield code="d">OCLCO</subfield></datafield><datafield ind1="1" ind2=" " tag="029"><subfield code="a">AU@</subfield><subfield code="b">000020549302</subfield></datafield><datafield ind1=" " ind2=" " tag="037"><subfield code="b">3910 Main Street, Munhall, PA 15120</subfield></datafield><datafield ind1=" " ind2=" " tag="042"><subfield code="a">pcc</subfield></datafield><datafield ind1=" " ind2=" " tag="043"><subfield code="a">n-us-pa</subfield></datafield><datafield ind1="0" ind2="4" tag="245"><subfield code="a">The Valley mirror.</subfield></datafield><datafield ind1="1" ind2="3" tag="246"><subfield code="a">Free press</subfield><subfield code="f">&lt;2000&gt;</subfield></datafield><datafield ind1=" " ind2=" " tag="260"><subfield code="a">[Munhall, Pa. :</subfield><subfield code="b">Earle Wittpenn],</subfield><subfield code="c">1981-</subfield></datafield><datafield ind1=" " ind2=" " tag="300"><subfield code="a">v. :</subfield><subfield code="b">ill. ;</subfield><subfield code="c">38 cm.</subfield></datafield><datafield ind1=" " ind2=" " tag="310"><subfield code="a">Weekly</subfield></datafield><datafield ind1="0" ind2=" " tag="362"><subfield code="a">Vol. 1, no. 1 (Oct. 22, 1981)-</subfield></datafield><datafield ind1=" " ind2=" " tag="500"><subfield code="a">"Incorporating The Free Press."</subfield></datafield><datafield ind1=" " ind2=" " tag="500"><subfield code="a">Publisher: Woodland Pub. Co., &lt;2000&gt;.</subfield></datafield><datafield ind1=" " ind2=" " tag="500"><subfield code="a">Serving the communities of Homestead, West Homestead, Munhall, Whitaker, West Mifflin and the 31st Ward of Pittsburgh.</subfield></datafield><datafield ind1=" " ind2=" " tag="588"><subfield code="a">Latest issue consulted: 19th year, no. 40 (Aug. 3, 2000).</subfield></datafield><datafield ind1=" " ind2="0" tag="651"><subfield code="a">Munhall (Pa.)</subfield><subfield code="v">Newspapers.</subfield></datafield><datafield ind1=" " ind2="0" tag="651"><subfield code="a">Allegheny County (Pa.)</subfield><subfield code="v">Newspapers.</subfield></datafield><datafield ind1=" " ind2="7" tag="655"><subfield code="a">Newspapers.</subfield><subfield code="2">fast</subfield><subfield code="0">(OCoLC)fst01423814</subfield></datafield><datafield ind1=" " ind2="7" tag="651"><subfield code="a">Pennsylvania</subfield><subfield code="z">Allegheny County.</subfield><subfield code="2">fast</subfield><subfield code="0">(OCoLC)fst01209250</subfield></datafield><datafield ind1=" " ind2="7" tag="651"><subfield code="a">Pennsylvania</subfield><subfield code="z">Munhall.</subfield><subfield code="2">fast</subfield><subfield code="0">(OCoLC)fst01231382</subfield></datafield><datafield ind1=" " ind2=" " tag="752"><subfield code="a">United States</subfield><subfield code="b">Pennsylvania</subfield><subfield code="c">Allegheny</subfield><subfield code="d">Munhall.</subfield></datafield><datafield ind1="0" ind2="5" tag="780"><subfield code="t">Free press the independent</subfield><subfield code="g">1999</subfield><subfield code="w">(DLC)sn 89077875</subfield><subfield code="w">(OCoLC)19649466</subfield></datafield><datafield ind1="4" ind2="1" tag="856"><subfield code="u">http://www.valleymirror.com</subfield></datafield></record>